@image{top,
    author = {Miroslav Staševskij},
    title = {Man Standing on Mountain},
    year = {2019},
    url = {https://www.pexels.com/photo/man-standing-on-mountain-2197902/}
}
@image{motion,
    author = {Fabrizio Verrecchia},
    title = {Standing Woman Facing a Speeding Train},
    year = {2017},
    url = {https://www.pexels.com/photo/adult-backpack-blur-business-298018/}
}
@image{curve,
    author = {Vishal Amin},
    title = {Lake Surrounded With Mountains},
    year = {2002},
    url = {https://www.pexels.com/photo/lake-surrounded-with-mountains-910307/}
}
@image{max,
    author = {Tobias Bjørkli},
    title = {Icy Mountain Scenery},
    year = {2008},
    url = {https://www.pexels.com/photo/icy-mountain-scenery-2113563/}
}
@image{mvtd,
    author = {Pok Rie},
    title = {Green Tree Lot},
    year = {2019},
    url = {https://www.pexels.com/photo/green-tree-lot-1117267/}
}
@image{implicit,
    author = {Burak K},
    title = {Grayscale Photo of Road},
    year = {2017},
    url = {https://www.pexels.com/photo/grayscale-photo-of-road-1250664/}
}
@image{tools,
    author = {Kim Stiver},
    title = {Handheld Tools Hang on Workbench},
    year = {2019},
    url = {https://www.pexels.com/photo/handheld-tools-hang-on-workbench-909256/}
}
@image{difdef,
    author = {rawpixel.com},
    title = {Black and White Asphalt Road},
    year = {2019},
    url = {https://www.pexels.com/photo/black-and-white-asphalt-road-1851472/}
}
@image{conti,
    author = {Pixabay},
    title = {Macro Photography of Water Waves},
    year = {2017},
    url = {https://www.pexels.com/photo/abstract-background-beach-color-355288/}
}
@image{analytic,
    author = {Pixabay},
    title = {Black Calculator Near Ballpoint Pen on White Printed Paper},
    year = {2015},
    url = {https://www.pexels.com/photo/black-calculator-near-ballpoint-pen-on-white-printed-paper-53621/}
}
@image{polynomial,
    author = {Pixabay},
    title = {White Stairs Wallpaper},
    year = {2019},
    url = {https://www.pexels.com/photo/contemporary-gradient-handrails-perspective-434645/}
}
@image{inf,
    author = {rawpixel.com},
    title = {Green Arrow on Stairs},
    year = {2019},
    url = {https://www.pexels.com/photo/green-arrow-on-stairs-1803914/}
}
@image{lim,
    author = {Snapwire},
    title = {Yellow Straight Line Road Between Tall Trees},
    year = {2018},
    url = {https://www.pexels.com/photo/curve-decision-forest-fork-6754/}
}
@image{inv,
    author = {Alex Powell},
    title = {Low Angle Shot of an Airplane Between Two Buildings},
    year = {2015},
    url = {https://www.pexels.com/photo/low-angle-shot-of-an-airplane-1805192/}
}
@image{line,
    author = {Ivan Cujic},
    title = {Cloud in Sky and Building},
    year = {2016},
    url = {https://www.pexels.com/photo/sky-architecture-building-modern-109479/}
}
@image{comb,
    author = {Jimmy Chan},
    title = {Brown Wooden Stairs},
    year = {2018},
    url = {https://www.pexels.com/photo/brown-wooden-stairs-1309897/}
}
@image{wind,
    author = {Snapwire},
    title = {Mirror of Building Showing Opened Window},
    year = {2016},
    url = {https://www.pexels.com/photo/building-clouds-facade-glass-panels-412842/}
}