@book{ci,
   author = {Ron Larson and Bruce H. Edwards},
   year = {2012},
   title = {Calculus I with Precalculus: Third Edition},
   publisher = {Cengage Learning},
   address = {20 Channel Center Street Boston, MA, 02210, USA}
}
@book{mooc,
   author = {Jim Fowler and Bart Snapp},
   year = {2014},
   title = {MOOCulus Calculus},
   address = {543 Howard Street, 5th Floor, San Francisco, California, 94105, USA}
}
@book{ap,
   author = {David S. Khan},
   year = {2018},
   title = {Cracking the AP Calculus BC Exam: 2019 Edition},
   publisher = {Princeton Review},
}